@misc{Grinstein:2002:IVV,
  author = {Georges Grinstein and Daniel Keim and Matthew Ward},
  title = {Information Visualization, Visual Data Mining, and Its Application to Drug Design},
  howpublished = {IEEE Visualization Course \#1 Notes},
  month = {October},
  year = {2002},
    url = {http://vis.computer.org/vis2002/program/tutorials/tutorial_01_abstract.html}
}

@Article{Isenberg:2017:VMC,
  author = {Petra Isenberg and Florian Heimerl and Steffen Koch and Tobias Isenberg and Panpan Xu and Chad Stolper and Michael Sedlmair and Jian Chen and Torsten M{\"o}ller and John Stasko},
    title = {{vispubdata.org: A Metadata Collection about {IEEE} Visualization ({VIS}) Publications}},
    journal = {IEEE Transactions on Visualization and Computer Graphics},
    year = {2017},
    volume = {23},
    OPTnumber = {},
    OPTmonth = {},
    OPTpages = {},
    doi = {http://dx.doi.org/10.1109/TVCG.2016.2615308},
  OPTgooglescholarid = {},
    note = {To appear},
}

@mastersthesis{Kindlmann:1999:SAG,
  author = {Gordon Kindlmann},
  title = {Semi-Automatic Generation of Transfer Functions for Direct Volume Rendering},
  school = {Cornell University},
    address = {USA},
    url = {http://www.graphics.cornell.edu/pubs/1999/Kin99.html},
  year = 1999,
}

@manual{Kitware:2003,
  title = {The Visualization Toolkit User's Guide},
  organization = {Kitware, Inc.},
  year = {2003},
  month = {January},
    url = {http://www.kitware.com/publications/item/view/1269}
}

@phdthesis{Levoy:1989:DSV,
  author = {Marc Levoy},
  title = {Display of Surfaces from Volume Data},
  school = {University of North Carolina at Chapel Hill},
    address = {USA},
    url = {http://www.cs.unc.edu/techreports/89-022.pdf},
  year = {1989},
}

@article{Lorensen:1987:MCA,
 author = {Lorensen, William E. and Cline, Harvey E.},
 title = {Marching Cubes: A High Resolution {3D} Surface Construction Algorithm},
 journal = {SIGGRAPH Computer Graphics},
 volume = {21},
 number = {4},
 month = aug,
 year = {1987},
 pages = {163--169},
 doi = {10.1145/37402.37422},
}

@article{Max:1995:OMF,
 author = {Max, Nelson},
 title = {Optical Models for Direct Volume Rendering},
 journal = {IEEE Transactions on Visualization and Computer Graphics},
 volume = {1},
 number = {2},
 month = jun,
 year = {1995},
 pages = {99--108},
 doi = {10.1109/2945.468400},
} 

@inproceedings{Nielson:1991:TAD,
  author = {Gregory M. Nielson and Bernd Hamann},
  title = {The Asymptotic Decider: Removing the Ambiguity in Marching Cubes},
  year = {1991},
  booktitle = {Proc.\ Visualization},
  pages = {83--91},
  doi={10.1109/VISUAL.1991.175782},
  publisher = {IEEE Computer Society},
  address = {Los Alamitos},
}

@book{Ware:2004:IVP,
  author = {Colin Ware},
  title = {Information Visualization: Perception for Design},
  edition = {2\textsuperscript{nd}},
  year = 2004,
  publisher = {Morgan Kaufmann Publishers Inc.},
  address = {San Francisco},
  doi = {https://dx.doi.org/10.1016/B978-155860819-1/50001-7}
}

@ARTICLE{Wyvill:1986:DSS,
  author = {Wyvill, Geoff and McPheeters, Craig and Wyvill, Brian},
  title = {Data Structure for \emph{soft} Objects},
  journal = {The Visual Computer},
  year = {1986},
  volume = {2},
  pages = {227--234},
  number = {4},
  month = aug,
  doi = {http://dx.doi.org/10.1007/BF01900346}
}

@INPROCEEDINGS{Koch95, 
  author={R. Koch}, 
  booktitle={Proceedings of IEEE International Conference on Computer Vision}, 
  title={{3-D} surface reconstruction from stereoscopic image sequences}, 
  year={1995}, 
  pages={109-114}, 
  keywords={computer graphics;image sequences;interpolation;stereo image processing;surface reconstruction;3-D modeling;3-D surface model;3-D surface points;3-D surface reconstruction;camera motion;computer graphics;dense map;grey level images;image correspondence;interpolation;object segmentation;sequence processing;stereoscopic image sequences;stereoscopic scene analysis system;surface texture;texture maps;triangular wire-frame;triangulation;Geometry;Image analysis;Image reconstruction;Image sequences;Interpolation;Layout;Object segmentation;Surface reconstruction;Surface texture;Three dimensional displays}, 
  doi={10.1109/ICCV.1995.466799}, 
  month={Jun},
}

@book{wolf2000elements,
  title={Elements of photogrammetry: with applications in GIS},
  author={Wolf, Paul R and Dewitt, Bon A},
  volume={3},
  year={2000}
}

@book{cozzi20113d,
  title={{3D} engine design for virtual globes},
  author={Cozzi, Patrick and Ring, Kevin},
  year={2011},
  publisher={CRC Press}
}

@article{ulrich2002rendering,
  title={Rendering massive terrains using chunked level of detail control},
  author={Ulrich, Thatcher},
  journal={SIGGRAPH Course Notes},
  volume={3},
  number={5},
  year={2002}
}

@inproceedings{fu2006navigation,
  Author = {Fu, Chi-Wing and Hanson, Andrew J and Wernert, Eric A},
  Booktitle = {Electronic Imaging 2006},
  Date-Added = {2016-12-10 09:44:13 +0000},
  Date-Modified = {2017-03-07 02:19:07 +0000},
  Organization = {International Society for Optics and Photonics},
  Title = {Navigation techniques for large-scale astronomical exploration},
  Year = {2006}
}

@article{li2006scalable,
  Author = {Li, Yinggang and Fu, Chi-Wing and Hanson, Andrew},
  Date-Added = {2016-12-10 10:22:04 +0000},
  Date-Modified = {2016-12-10 10:22:04 +0000},
  Journal = {IEEE Transactions on Visualization and Computer Graphics},
  Number = {5},
  Pages = {1005--1012},
  Publisher = {IEEE},
  Title = {Scalable {WIM}: Effective exploration in large-scale astrophysical environments},
  Volume = {12},
  Year = {2006}
}

@article{fu2007transparently,
  Author = {Fu, Chi-Wing and Hanson, Andrew J},
  Date-Modified = {2017-03-07 02:19:03 +0000},
  Journal = {{IEEE Transactions on Visualization and Computer Graphics}},
  Number = {1},
  Pages = {108--121},
  Publisher = {IEEE},
  Title = {A Transparently Scalable Visualization Architecture for Exploring the Universe},
  Volume = {13},
  Year = {2007}
}

@incollection{hanson2000very,
  Author = {Hanson, Andrew J and Fu, Chi-Wing and Wernert, Eric A},
  Booktitle = {Data Visualization},
  Pages = {115--124},
  Publisher = {Springer},
  Title = {Very large scale visualization methods for astrophysical data},
  Year = {2000}
}

@inproceedings{hussey2010eyes,
  title={{``Eyes On The Solar System''} A Real-time, {3D}-Interactive Experience For Planetaria and Beyond},
  author={Hussey, K. J.},
  booktitle={European Planetary Science Congress 2010},
  volume={1},
  pages={50},
  year={2010}
}

@article{Everitt:2001tg,
  Author = {Everitt, Cass and Rege, A and Cebenoyan, C},
  Date-Added = {2015-03-18 19:23:46 +0000},
  Date-Modified = {2015-03-18 19:23:46 +0000},
  Pages = {1--14},
  Title = {Hardware Shadow Mapping},
  Year = {2001}
}
    
@article{suarez2015efficient,
  title={An efficient terrain Level of Detail implementation for mobile devices and performance study},
  author={Su{\'a}rez, Jos{\'e} P and Trujillo, Agust{\'\i}n and Santana, Jos{\'e} M and de la Calle, Manuel and Gomez-Deck, Diego},
  journal={Computers, Environment and Urban Systems},
  volume={52},
  pages={21--33},
  year={2015},
  publisher={Elsevier}
}

@article{salomonson1989modis,
  title={{MODIS}: Advanced facility instrument for studies of the {Earth} as a system},
  author={Salomonson, Vincent V and Barnes, W L and Maymon, Peter W and Montgomery, Harry E and Ostrow, Harvey},
  journal={IEEE Transactions on Geoscience and Remote Sensing},
  volume={27},
  number={2},
  pages={145--153},
  year={1989},
  publisher={IEEE}
}

@article{justice2002overview,
  title={An overview of {MODIS} Land data processing and product status},
  author={Justice, CO and Townshend, JRG and Vermote, EF and Masuoka, E and Wolfe, RE and Saleous, N and Roy, DP and Morisette, JT},
  journal={Remote sensing of Environment},
  volume={83},
  number={1},
  pages={3--15},
  year={2002},
  publisher={Elsevier}
}

@inproceedings{schueler2002npoess,
  title={NPOESS VIIRS sensor design overview},
  author={Schueler, Carl F and Clement, John E and Ardanuy, Philip E and Welsch, Carol and DeLuccia, Frank and Swenson, Hilmer},
  booktitle={International symposium on optical science and technology},
  pages={11--23},
  year={2002},
  organization={International Society for Optics and Photonics}
}

@inproceedings{cechini2013expanding,
  title={Expanding Access and Usage of {NASA} Near Real-Time Imagery and Data},
  author={Cechini, M and Murphy, KJ and Boller, RA and Schmaltz, JE and Thompson, CK and Huang, T and McGann, JM and Ilavajhala, S and Alarcon, C and Roberts, JT},
  booktitle={AGU Fall Meeting Abstracts},
  volume={1},
  pages={04},
  year={2013}
}

@inproceedings{moratto2010ames,
  title={{Ames Stereo Pipeline}, {NASA}'s open source automated stereogrammetry software},
  author={Moratto, Z M and Broxton, M J and Beyer, R A and Lundy, M and Husmann, K},
  booktitle={Lunar and Planetary Science Conference},
  volume={41},
  year={2010}
}

@inproceedings{gaddis1997overview,
  title={An overview of the integrated software for imaging spectrometers ({ISIS})},
  author={Gaddis, L and Anderson, J and Becker, K and Becker, T and Cook, D and Edwards, K},
  booktitle={Lunar and Planetary Science Conference},
  volume={28},
  pages={387},
  year={1997}
}

@incollection{warmerdam2008geospatial,
  title={The geospatial data abstraction library},
  author={Warmerdam, Frank},
  booktitle={Open source approaches in spatial data handling},
  pages={87--104},
  year={2008},
  publisher={Springer}
}

@article{mcewen2007mars,
  Author = {McEwen, Alfred S and Eliason, Eric M and Bergstrom, James W and Bridges, Nathan T and Hansen, Candice J and Delamere, W Alan and Grant, John A and Gulick, Virginia C and Herkenhoff, Kenneth E and Keszthelyi, Laszlo and others},
  Date-Added = {2016-12-12 14:15:05 +0000},
  Date-Modified = {2017-03-07 02:19:33 +0000},
  Journal = {Journal of Geophysical Research: Planets},
  Number = {E5},
  Publisher = {Wiley Online Library},
  Title = {{Mars reconnaissance orbiter's high resolution imaging science experiment (HiRISE)}},
  Volume = {112},
  Year = {2007}
}

@article{stern2015pluto,
  Author = {Stern, S A and Bagenal, F and Ennico, K and Gladstone, G R and Grundy, W M and McKinnon, W B and Moore, J M and Olkin, C B and Spencer, J R and Weaver, H A and others},
  Date-Added = {2016-12-12 14:13:05 +0000},
  Date-Modified = {2016-12-12 14:13:05 +0000},
  Journal = {Science},
  Number = {6258},
  Publisher = {American Association for the Advancement of Science},
  Title = {The {Pluto} system: Initial results from its exploration by {New Horizons}},
  Volume = {350},
  Year = {2015}
}

@inproceedings{mayer2016integrated,
  title={An integrated workflow for producing digital terrain models of {Mars} from {CTX} and {HiRISE} stereo data using the {NASA Ames Stereo Pipeline}},
  author={Mayer, D P and Kite, E S},
  booktitle={Lunar and Planetary Science Conference},
  volume={47},
  pages={1241},
  year={2016}
}

@article{acton1996ancillary,
  title={Ancillary data services of {NASA}'s navigation and ancillary information facility},
  author={Acton, Charles H},
  journal={Planetary and Space Science},
  volume={44},
  number={1},
  pages={65--70},
  year={1996},
  publisher={Elsevier}
}

@article{mcmahon1996overview,
  title={Overview of the planetary data system},
  author={McMahon, Susan K},
  journal={Planetary and Space Science},
  volume={44},
  number={1},
  pages={3--12},
  year={1996},
  publisher={Elsevier}
}

@inproceedings{broxton2008ames,
  title={The Ames Stereo Pipeline: Automated {3D} surface reconstruction from orbital imagery},
  author={Broxton, Michael J and Edwards, Larry J},
  booktitle={Lunar and planetary science conference},
  volume={39},
  pages={2419},
  year={2008}
}

@article{li2011rigorous,
  title={Rigorous photogrammetric processing of HiRISE stereo imagery for Mars topographic mapping},
  author={Li, Rongxing and Hwangbo, Juwon and Chen, Yunhang and Di, Kaichang},
  journal={IEEE Transactions on Geoscience and Remote Sensing},
  volume={49},
  number={7},
  pages={2558--2572},
  year={2011},
  publisher={IEEE}
}

@article{Bock_2015,
  Author = {Bock, Alexander and Marcinkowski, Michal and Kilby, Joakim and Emmart, Carter and Ynnerman, Anders},
  Date-Added = {2016-12-11 17:06:11 +0000},
  Date-Modified = {2017-03-07 02:17:37 +0000},
  Doi = {10.1109/scivis.2015.7429503},
  Isbn = {http://id.crossref.org/isbn/978-1-4673-9785-8},
  Journal = {2015 IEEE Scientific Visualization Conference (SciVis)},
  Month = {Oct},
  Publisher = {Institute of Electrical and Electronics Engineers (IEEE)},
  Title = {OpenSpace: Public dissemination of space mission profiles},
  Year = {2015},
  Bdsk-Url-1 = {http://dx.doi.org/10.1109/SciVis.2015.7429503}
}

@article{nakasone2009astrosim,
  Author = {Nakasone, Arturo and Prendinger, Helmut and Holland, Simon and Hut, Piet and Makino, Jun and Miura, Ken},
  Date-Added = {2016-12-10 10:18:37 +0000},
  Date-Modified = {2016-12-10 10:18:37 +0000},
  Journal = {IEEE Computer Graphics and Applications},
  Number = {5},
  Title = {AstroSim: collaborative visualization of an astrophysics simulation in second life.},
  Volume = {29},
  Year = {2009}
}
    
@inproceedings{magnor2010progress,
  title={Progress in Rendering and Modeling for Digital Planetariums.},
  author={Magnor, Marcus A and Sen, Pradeep and Kniss, Joe and Angel, Edward and Wenger, Stephan},
  booktitle={Eurographics (Areas Papers)},
  pages={1--8},
  year={2010}
}

@inproceedings{KHECY10,
  Author = {Klashed, Staffan and Hemingsson, Per and Emmart, Carter and Cooper, Matthew and Ynnerman, Anders},
  Booktitle = {Eurographics - Areas Papers},
  Publisher = {Eurographics Association},
  Title = {{Uniview - Visualizing the Universe}},
  Year = {2010}
}
    
@misc{abbott2006digital,
  Author = {Abbott, B},
  Date-Added = {2016-12-10 10:16:07 +0000},
  Date-Modified = {2016-12-10 10:16:07 +0000},
  Publisher = {Online at http://haydenplanetarium. org/universe/duguide},
  Title = {The Digital Universe Guide for Partiview},
  Year = {2006}
}

@inproceedings{Axelsson2017Dynamic,
  Author = {Axelsson, Emil and Costa, Jonathas and Silva, Claudio and Emmart, Carter and Bock, Alexander and Ynnerman, Anders},
  Journal = {EuroVis},
  Title = {Dynamic Scene Graph: Enabling Scaling, Positioning, and Navigation in the Universe},
  Year = 2017
}
 
@book{luebke2003level,
  Author = {Luebke, David and Reddy, Martin and Cohen, Jonathan D. and Varshney, Amitabh and Watson, Benjamin and Huebner, Robert},
  Publisher = {Morgan Kaufmann},
  Title = {Level of detail for {3D} graphics},
  Year = {2003}
}

@book{powersOfTen,
  Author = {Eames, Charles and Eames, Ray},
  Publisher = {IBM},
  Title = {Powers of Ten},
  Year = {1977}
}
    
@inproceedings{liu20013,
  Author = {Liu, Charles T and Abbott, Brian and Emmart, Carter and Mac Low, M-M and Shara, M and Summers, Francis J and Tyson, Neil D},
  Booktitle = {Virtual Observatories of the Future},
  Date-Added = {2016-12-08 16:18:07 +0000},
  Date-Modified = {2016-12-08 16:18:07 +0000},
  Pages = {188},
  Title = {{3-D} visualizations of massive astronomy datasets with a digital dome},
  Volume = {225},
  Year = {2001}
}
    
@electronic{ES16,
  Author = {{Evans \& Sutherland}},
  Date-Added = {2016-12-08 16:12:34 +0000},
  Date-Modified = {2016-12-08 16:13:33 +0000},
  Title = {Digistar},
  Url = {http://www.es.com/Digistar/},
  Year = {2016},
  Bdsk-Url-1 = {http://www.es.com/Digistar/}
}

@electronic{Sky16,
  Author = {{Sky-Skan Inc.}},
  Date-Added = {2016-12-08 16:09:39 +0000},
  Date-Modified = {2016-12-08 16:13:36 +0000},
  Title = {DigitalSky 2},
  Url = {http://www.skyskan.com/products/ds},
  note = {http://www.skyskan.com/products/ds},
  Year = {2016},
  Bdsk-Url-1 = {http://www.skyskan.com/products/ds}
}

@electronic{sgct,
  Author = {Miroslav Andel and Erik Sundén and Alexander Bock},
  Title  = {{SGCT} - Simple Graphics Cluster Toolkit},
  url = {https://c-student.itn.liu.se/wiki/develop:sgct:sgct},
  note = {https://c-student.itn.liu.se/wiki/develop:sgct:sgct},
  Year = {2017}
}
  
@article{kent2013visualizing,
  title={Visualizing astronomical data with {Blender}},
  author={Kent, Brian R},
  journal={Publications of the Astronomical Society of the Pacific},
  volume={125},
  number={928},
  pages={731},
  year={2013},
  publisher={IOP Publishing}
}

@article{weiskopf2006explanatory,
  title={Explanatory and illustrative visualization of special and general relativity},
  author={Weiskopf, Daniel and Borchers, Marc and Ertl, Thomas and Falk, Martin and Fechtig, Oliver and Frank, Regine and Grave, Frank and King, Andreas and Kraus, Ute and Muller, Thomas and others},
  journal={IEEE Transactions on Visualization and Computer Graphics},
  volume={12},
  number={4},
  pages={522--534},
  year={2006},
  publisher={IEEE}
}

@techreport{decker1986world,
  title={World geodetic system 1984},
  author={Decker, B LOUIS},
  year={1986},
  institution={DTIC Document}
}

@article{seidelmann2002report,
  title={Report of the {IAU/IAG} working group on cartographic coordinates and rotational elements of the planets and satellites: 2000},
  author={Seidelmann, P K and Abalakin, V K and Bursa, M and Davies, M E and de Bergh, C and Lieske, J H and Oberst, J and Simon, J L and Standish, E M and Stooke, P and Thomas, P C},
  journal={Celestial Mechanics and Dynamical Astronomy},
  volume={82},
  number={1},
  pages={83--111},
  year={2002},
  publisher={Springer}
}

@article{schafhitzel2007real,
  title={Real-time rendering of planets with atmospheres},
  author={Schafhitzel, Tobias and Falk, Martin and Ertl, Thomas},
  year={2007},
  publisher={V{\'a}clav Skala-UNION Agency}
}

@book{snyder1997flattening,
  title={Flattening the Earth: two thousand years of map projections},
  author={Snyder, John P},
  year={1997},
  publisher={University of Chicago Press}
}

@inproceedings{cignoni2003bdam,
  title={{BDAM}—Batched Dynamic Adaptive Meshes for high performance terrain visualization},
  author={Cignoni, Paolo and Ganovelli, Fabio and Gobbetti, Enrico and Marton, Fabio and Ponchio, Federico and Scopigno, Roberto},
  booktitle={Computer Graphics Forum},
  volume={22},
  number={3},
  pages={505--514},
  year={2003},
  organization={Wiley Online Library}
}

@article{ynnerman2016interactive,
  title={Interactive visualization of {3D} scanned mummies at public venues},
  author={Ynnerman, Anders and Rydell, Thomas and Antoine, Daniel and Hughes, David and Persson, Anders and Ljung, Patric},
  journal={Communications of the ACM},
  volume={59},
  number={12},
  pages={72--81},
  year={2016},
  publisher={ACM}
}

@article{naiman2016astroblend,
  title={AstroBlend: An astrophysical visualization package for Blender},
  author={Naiman, J P},
  journal={Astronomy and Computing},
  volume={15},
  pages={50--60},
  year={2016},
  publisher={Elsevier}
}

@article{punzo2015role,
  title={The role of {3-D} interactive visualization in blind surveys of {HI} in galaxies},
  author={Punzo, Davide and Van der Hulst, J M and Roerdink, J B T M and Oosterloo, T A and Ramatsoku, M and Verheijen, M A W},
  journal={Astronomy and Computing},
  volume={12},
  pages={86--99},
  year={2015},
  publisher={Elsevier}
}

@article{rottger1998real,
  title={Real-time generation of continuous levels of detail for height fields},
  author={R{\"o}ttger, Stefan and Heidrich, Wolfgang and Slusallek, Philipp and Seidel, Hans-Peter},
  year={1998},
  publisher={V{\'a}clav Skala-UNION Agency}
}

@inproceedings{cignoni2003planet,
  title={Planet-sized batched dynamic adaptive meshes ({P-BDAM})},
  author={Cignoni, Paolo and Ganovelli, Fabio and Gobbetti, Enrico and Marton, Fabio and Ponchio, Federico and Scopigno, Roberto},
  booktitle={Proceedings of the 14th IEEE Visualization},
  pages={20},
  year={2003},
  organization={IEEE Computer Society}
}

@article{kooima2009planetary,
  title={Planetary-scale terrain composition},
  author={Kooima, Robert and Leigh, Jason and Johnson, Andrew and Roberts, Doug and SubbaRao, Mark and DeFanti, Thomas A},
  journal={IEEE Transactions on Visualization and Computer Graphics},
  volume={15},
  number={5},
  pages={719--733},
  year={2009},
  publisher={IEEE}
}

@inproceedings{duchaineau1997roaming,
  title={ROAMing terrain: real-time optimally adapting meshes},
  author={Duchaineau, Mark and Wolinsky, Murray and Sigeti, David E and Miller, Mark C and Aldrich, Charles and Mineev-Weinstein, Mark B},
  booktitle={Proceedings of the 8th Conference on Visualization'97},
  pages={81--88},
  year={1997},
  organization={IEEE Computer Society Press}
}

@phdthesis{cozzi2008visibility,
  title={Visibility driven out-of-core {HLOD} rendering},
  author={Cozzi, Patrick John},
  year={2008},
  school={University of Pennsylvania}
}

@article{hwa2005real,
  title={Real-time optimal adaptation for planetary geometry and texture: 4-8 tile hierarchies},
  author={Hwa, Lok M and Duchaineau, Mark A and Joy, Kenneth I},
  journal={IEEE Transactions on Visualization and Computer Graphics},
  volume={11},
  number={4},
  pages={355--368},
  year={2005},
  publisher={IEEE}
}

@inproceedings{losasso2004geometry,
  title={Geometry clipmaps: terrain rendering using nested regular grids},
  author={Losasso, Frank and Hoppe, Hugues},
  booktitle={ACM Transactions on Graphics (TOG)},
  volume={23},
  number={3},
  pages={769--776},
  year={2004},
  organization={ACM}
}

@inproceedings{Erikson:2001:HFD:364338.364376,
 author = {Erikson, Carl and Manocha, Dinesh and Baxter, William V.},
 title = {{HLODs} for Faster Display of Large Static and Dynamic Environments},
 booktitle = {Proceedings of the 2001 Symposium on Interactive {3D} Graphics},
 series = {I3D '01},
 year = {2001},
 isbn = {1-58113-292-1},
 pages = {111--120},
 numpages = {10},
 url = {http://doi.acm.org/10.1145/364338.364376},
 doi = {10.1145/364338.364376},
 acmid = {364376},
 publisher = {ACM},
 address = {New York, NY, USA},
 keywords = {CAD, graphics systems, interactive display, level-of-detail algorithms, spatial data structures},
} 

@article{livny2009seamless,
  title={Seamless patches for GPU-based terrain rendering},
  author={Livny, Yotam and Kogan, Zvi and El-Sana, Jihad},
  journal={The Visual Computer},
  volume={25},
  number={3},
  pages={197--208},
  year={2009},
  publisher={Springer}
}

@article{schneider2006gpu,
  title={GPU-friendly high-quality terrain rendering},
  author={Schneider, Jens and Westermann, R{\"u}diger},
  year={2006},
  publisher={V{\'a}clav Skala-UNION Agency}
}

@article{pajarola2007survey,
  title={Survey of semi-regular multiresolution models for interactive terrain rendering},
  author={Pajarola, Renato and Gobbetti, Enrico},
  journal={The Visual Computer},
  volume={23},
  number={8},
  pages={583--605},
  year={2007},
  publisher={Springer}
}

@article{li2008visualizing,
  title={Visualizing multiwavelength astrophysical data},
  author={Li, Hongwei and Fu, Chi-Wing and Hanson, Andrew},
  journal={IEEE Transactions on Visualization and Computer Graphics},
  volume={14},
  number={6},
  pages={1555--1562},
  year={2008},
  publisher={IEEE}
}

@article{mc2009touring,
  title={Touring the cosmos through your computer: a guide to free desktop planetarium software},
  author={Mc Cool, Matthew},
  journal={CAPjournal,(7)},
  pages={21--23},
  year={2009}
}

@inproceedings{weiskopf2005visualization,
  title={Visualization in the {Einstein} year 2005: a case study on explanatory and illustrative visualization of relativity and astrophysics},
  author={Weiskopf, Daniel and Borchers, Marc and Ertl, Thomas and Falk, Martin and Fechtig, Oliver and Frank, Regine and Grave, Frank and King, Andreas and Kraus, Ute and Muller, Thomas and others},
  booktitle={Visualization},
  pages={583--590},
  year={2005},
  organization={IEEE}
}

@article{Ynnerman:2016:3DMummies,
 author = {Ynnerman, Anders and Rydell, Thomas and Antoine, Daniel and Hughes, David and Persson, Anders and Ljung, Patric},
 title = {Interactive Visualization of {3D} Scanned Mummies at Public Venues},
 journal = {Commun. ACM},
 issue_date = {December 2016},
 volume = {59},
 number = {12},
 month = dec,
 year = {2016},
 issn = {0001-0782},
 numpages = {10},
 url = {http://doi.acm.org/10.1145/2950040},
 doi = {10.1145/2950040},
 acmid = {2950040},
 publisher = {ACM},
 address = {New York, NY, USA},
}

@article{zurek2007overview,
  title={An overview of the {Mars Reconnaissance Orbiter (MRO)} science mission},
  author={Zurek, Richard W and Smrekar, Suzanne E},
  journal={Journal of Geophysical Research: Planets},
  volume={112},
  number={E5},
  year={2007},
  publisher={Wiley Online Library}
}

@inproceedings{archinal2003mars,
  title={Mars digital image model 2.1 control network},
  author={Archinal, BA and Kirk, RL and Duxbury, TC and Lee, EM and Sucharski, R and Cook, D},
  booktitle={Lunar and Planetary Science Conference},
  volume={34},
  year={2003}
}

@article{smith2001mars,
  title={Mars Orbiter Laser Altimeter: Experiment summary after the first year of global mapping of Mars},
  author={Smith, David E and Zuber, Maria T and Frey, Herbert V and Garvin, James B and Head, James W and Muhleman, Duane O and Pettengill, Gordon H and Phillips, Roger J and Solomon, Sean C and Zwally, H Jay and others},
  journal={Journal of Geophysical Research: Planets},
  volume={106},
  number={E10},
  pages={23689--23722},
  year={2001},
  publisher={Wiley Online Library}
}

@inproceedings{mcewen2016people,
  title={For the people: {HiRISE} data products},
  author={McEwen, A S and Heyd, R and Sutton, S and Espinosa, Y and Fennema, A and Leis, R and McArthur, G and Schaller, C and Chojnacki, M and Keszthelyi, L and  Becker, K and Kirk, R and Eliason, E},
  booktitle={Lunar and Planetary Science Conference},
  volume={47},
  pages={1371},
  year={2016}
}co

@article{maso2010opengis,
  title={{OpenGIS} web map tile service implementation standard},
  author={Maso, Joan and Pomakis, Keith and Julia, Nuria},
  journal={Open Geospatial Consortium Inc},
  pages={04--06},
  year={2010}
}

@article{open2006opengis,
  title={{OpenGIS} Web Map Server Implementation Specification},
  author={{Open Geospatial Consortium}},
  year={2006},
  publisher={Open Geospatial Consortium}
}

@book{li2004digital,
  title={Digital terrain modeling: principles and methodology},
  author={Li, Zhilin and Zhu, Christopher and Gold, Chris},
  year={2004},
  publisher={CRC press}
}

@inproceedings{elek2009rendering,
  title={Rendering parametrizable planetary atmospheres with multiple scattering in real-time},
  author={Elek, Oskar},
  booktitle={Proceedings of the Central European Seminar on Computer Graphics},
  year={2009},
  organization={Citeseer}
}